@book{clrs,
    author = "T.~H. Cormen and C.~E. Leiserson and R.~L. Rivest and C.~Stein",
    edition = "3rd", publisher = "The MIT Press",
    title = "Introduction to Algorithms",
    year = "2009",
    isbn = "978-0-262-03384-8"
}

@article{Chang1993,
author = {G. Chang, M. Farber, Z. Tuza},
doi = {10.1137/0406002},
keywords = {neighborhood-covering, neighborhood-independence, clique-transversal, clique-independence, chordal graph, strongly chordal graph, split graph, NP-complete},
journal = {SIAM J. Discrete Math.},
pages = {24-29},
number = {1},
title = {Algorithmic aspects of neighborhood numbers},
volume = {6},
year = {1993}
}

@article{Filmus2011,
author = {Y. Filmus},
title = {Hardness of approximating set cover},
month = {January},
year = {2011}
}

@article{Dietzfelbinger1993,
author = {M. Dietzfelbinger, A. Karlin, K. Mehlhorn, F. Heide, H. Rohnert, R. Tarjan},
doi = {10.1137/S0097539791194094},
issn = {00975397},
journal = {SIAM J. Computing},
keywords = {data structures, dictionary problem, hashing, universal hashing, randomized algorithm, lower bound},
month = apr,
number = {4},
pages = {738--761},
title = {Dynamic Perfect Hashing: Upper and Lower Bounds},
volume = {23},
year = {1993}
}

@article{Raz1997,
author = {R. Raz, S. Safra},
title = {A sub-constant error-probability low-degree test, and sub-constant error-probability PCP characterization of NP},
doi = {10.1145/258533.258641},
isbn = {0-89791-888-6},
journal = {Proc. 29th Annual ACM Symposium on Theory of Computing, ACM},
pages = {475--484},
volume = {23},
year = {1997}
}

@MISC{SNAP,
title={Stanford Large Network Dataset Collection},
howpublished = {\url{http://snap.stanford.edu/data}}
}

@MISC{datahub,
title={DataHub},
howpublished = {\url{http://datahub.io}}
}

@MISC{dataset,
title = {},
howpublished = {\url{http://www.cs.toronto.edu/~tsap/experiments/datasets/}}
}
